@misc{Teaching,
      title={H{MMA} 307 - Modèles linéaires avancées},
     author={Joseph Salmon},
       year={2019-2020},
}

@misc{Google,
    howpublished={https://towardsdatascience.com/maximum-likelihood-ml-vs-reml-78cf79bef2cf},
    author={Nikolay Oskolkov},
    title={Maximum Likelihood (ML) vs. REML},
}